@article{weierstrass,
	title   = "Simple proofs of nowhere-differentiability for Weierstrass's function and cases of slow growth",
	journal = "Journal of Fourier Analysis and Applications",
	volume  = "16",
	number  = "1",
	pages   = "17--33",
	year    = "2010",
	author  = "Jon Johnsen",
}

@article{carleson,
  title={Carleson's theorem: Proof, complements, variations},
  author={Lacey, Michael T.},
  journal={Publicacions Matem{\`a}tiques},
  pages={251--307},
  year={2004},
  publisher={JSTOR}
}

@book{grafakos,
  title={Classical Fourier Analysis},
  author={Grafakos, Loukas},
  volume={249},
  year={2014},
  publisher={Springer}
}

@book{katznelson,
  title={An introduction to harmonic analysis},
  author={Katznelson, Yitzhak},
  year={2004},
  publisher={Cambridge University Press}
}


@article{qct,
  title={Quantum complexity theory},
  author={Ethan Bernstein, and Umesh Vazirani},
  journal={SIAM Journal on Computing},
  volume={26},
  number={5},
  pages={1411--1473},
  year={1997},
  publisher={SIAM}
}

@article{feynman,
  title={Simulating physics with computers},
  author={Richard P. Feynman},
  journal={International journal of theoretical physics},
  volume={21},
  number={6},
  pages={467--488},
  year={1982},
  publisher={Springer}
}

@article{quantum-comercialize,
  title={Commercialize early quantum technologies},
  author={Mohseni, Masoud and Read, Peter and Neven, Hartmut and Boixo, Sergio and Denchev, Vasil and Babbush, Ryan and Fowler, Austin and Smelyanskiy, Vadim and Martinis, John and others},
  year={2017},
  journal = {Nature},
  vol = {543},
  pages={171--175},
}

@article{quantum-experimental,
  title={Experimental comparison of two quantum computing architectures},
  author={Linke, Norbert M and Maslov, Dmitri and Roetteler, Martin and Debnath, Shantanu and Figgatt, Caroline and Landsman, Kevin A and Wright, Kenneth and Monroe, Christopher},
  journal={Proceedings of the National Academy of Sciences},
  pages={3305--3310},
  year={2017},
  publisher={National Acad Sciences}
}

@article{quantum-lab,
  title={Quantum computers ready to leap out of the lab in 2017},
  author={Castelvecchi, Davide},
  journal={Nature},
  volume={541},
  pages={9--10},
  year={2017}
}

@misc{quantum-manifesto,
  title={Quantum manifesto. A new era of technology},
  author={De Touzalin, A and Marcus, C and Heijman, F and Cirac, I and Murray, R and Calarco, T},
  year={2016},
}

@article{quantum-supremacy,
  title={A blueprint for demonstrating quantum supremacy with superconducting qubits},
  author={Neill, C and Roushan, P and Kechedzhi, K and Boixo, S and Isakov, SV and Smelyanskiy, V and Barends, R and Burkett, B and Chen, Y and Chen, Z and others},
  journal={arXiv preprint arXiv:1709.06678},
  year={2017}
}

@book{nielsen,
  title={Quantum Computation and Quantum Information},
  author={Nielsen, Michael A and Chuang, Isaac L},
  year={2004},
  publisher={Cambridge University Press}
}

@inproceedings{shor,
  title={Algorithms for quantum computation: Discrete logarithms and factoring},
  author={Shor, Peter W},
  booktitle={Foundations of Computer Science, 1994 Proceedings., 35th Annual Symposium on},
  pages={124--134},
  year={1994},
  organization={IEEE}
}

@book{fourier,
  title={Theorie analytique de la chaleur, par M. Fourier},
  author={Fourier, Joseph},
  year={1822},
  publisher={Chez Firmin Didot, p{\`e}re et fils}
}

@book{korner,
  title={Fourier analysis},
  author={K{\"o}rner, Thomas William},
  year={1989},
  publisher={Cambridge university press}
}


@book{arora,
  title={Computational complexity: a modern approach},
  author={Arora, Sanjeev and Barak, Boaz},
  year={2009},
  publisher={Cambridge University Press}
}

@book{algorithms,
  title={Algorithms},
  author={Dasgupta, Sanjoy and Papadimitriou, Christos H and Vazirani, Umesh},
  year={2006},
  publisher={McGraw-Hill, Inc.}
}

@book{primes,
  title={Prime numbers: a computational perspective},
  author={Crandall, Richard and Pomerance, Carl B},
  volume={182},
  year={2006},
  publisher={Springer Science \& Business Media}
}

@book{koblitz,
  title={A course in number theory and cryptography},
  author={Koblitz, Neal},
  volume={114},
  year={1994},
  publisher={Springer Science \& Business Media}
}

@article{cooley,
  title={An algorithm for the machine calculation of complex Fourier series},
  author={Cooley, James W and Tukey, John W},
  journal={Mathematics of computation},
  volume={19},
  number={90},
  pages={297--301},
  year={1965},
  publisher={JSTOR}
}

@book{cormen2009introduction,
  title={Introduction to algorithms},
  author={Cormen, Thomas H},
  year={2009},
  publisher={MIT press}
}

@article{rabiner1969chirp,
  title={The chirp z-transform algorithm},
  author={Rabiner, L and Schafer, R W and Rader, C},
  journal={IEEE transactions on audio and electroacoustics},
  volume={17},
  number={2},
  pages={86--92},
  year={1969},
  publisher={IEEE}
}

@article{engelberg2017elementary,
  title={Elementary Number Theory and Rader's FFT},
  author={Engelberg, Shlomo},
  journal={SIAM Review},
  volume={59},
  number={3},
  pages={671--678},
  year={2017},
  publisher={SIAM}
}

@article{bruun1978z,
  title={z-transform DFT filters and FFT's},
  author={Bruun, Georg},
  journal={IEEE Transactions on Acoustics, Speech, and Signal Processing},
  volume={26},
  number={1},
  pages={56--63},
  year={1978},
  publisher={IEEE}
}

@book{bachmann2012fourier,
  title={Fourier and wavelet analysis},
  author={Bachmann, George and Narici, Lawrence and Beckenstein, Edward},
  year={2012},
  publisher={Springer Science \& Business Media}
}

@book{rao2011fast,
  title={Fast Fourier Transform-Algorithms and Applications},
  author={Rao, Kamisetty Ramamohan and Kim, Do Nyeon and Hwang, Jae Jeong},
  year={2011},
  publisher={Springer Science \& Business Media}
}

@book{muller2015fundamentals,
  title={Fundamentals of Music Processing: Audio, Analysis, Algorithms, Applications},
  author={M{\"u}ller, Meinard},
  year={2015},
  publisher={Springer}
}

@misc{proakis1996digital,
  title={Digital signal processing 3 rd edition},
  author={Proakis, John G and Manolakis, Dimitris G},
  year={1996},
  publisher={Prentice Hall}
}